<record><leader>00000cas a22000007a 4500</leader><controlfield tag="001">13818464</controlfield><controlfield tag="008">860703c19319999iauwr ne      0    0eng d</controlfield><datafield ind1=" " ind2=" " tag="010"><subfield code="a">sn 86060107 </subfield></datafield><datafield ind1=" " ind2=" " tag="040"><subfield code="a">INP</subfield><subfield code="b">eng</subfield><subfield code="c">INP</subfield><subfield code="d">OCLCQ</subfield></datafield><datafield ind1=" " ind2=" " tag="042"><subfield code="a">msc</subfield></datafield><datafield ind1="0" ind2="4" tag="245"><subfield code="a">The Eldora herald-ledger.</subfield></datafield><datafield ind1=" " ind2=" " tag="260"><subfield code="a">Eldora, Hardin County, Iowa :</subfield><subfield code="b">Eldora Pub. Co.,</subfield><subfield code="c">1931-</subfield></datafield><datafield ind1=" " ind2=" " tag="300"><subfield code="a">v. :</subfield><subfield code="b">ill.</subfield></datafield><datafield ind1=" " ind2=" " tag="310"><subfield code="a">Weekly</subfield></datafield><datafield ind1="0" ind2=" " tag="362"><subfield code="a">Vol. 66, no. 14 (Apr. 2, 1931)-</subfield></datafield><datafield ind1=" " ind2=" " tag="500"><subfield code="a">Union, Iowa's, diamond jubilee commemorated in Aug. 30, 1949, issue.</subfield></datafield><datafield ind1=" " ind2=" " tag="500"><subfield code="a">Publisher varies.</subfield></datafield><datafield ind1=" " ind2=" " tag="500"><subfield code="a">Includes section called Union-Whitten star news, &lt;July 20, 1971&gt;-</subfield></datafield><datafield ind1=" " ind2=" " tag="515"><subfield code="a">Issues for Apr. 2-9, 1931, also numbered v. 58, no. 14-15, respectively.</subfield></datafield><datafield ind1=" " ind2=" " tag="515"><subfield code="a">Frequent irregularities in numbering.</subfield></datafield><datafield ind1=" " ind2=" " tag="525"><subfield code="a">Includes occasional supplements.</subfield></datafield><datafield ind1=" " ind2=" " tag="580"><subfield code="a">Appears concurrently with Hardin County index, Jan. 18, 1933-</subfield></datafield><datafield ind1=" " ind2=" " tag="752"><subfield code="a">United States</subfield><subfield code="b">Iowa</subfield><subfield code="c">Hardin</subfield><subfield code="d">Eldora.</subfield></datafield><datafield ind1=" " ind2=" " tag="752"><subfield code="a">United States</subfield><subfield code="b">Iowa</subfield><subfield code="c">Hardin</subfield><subfield code="d">Union.</subfield></datafield><datafield ind1=" " ind2=" " tag="752"><subfield code="a">United States</subfield><subfield code="b">Iowa</subfield><subfield code="c">Hardin</subfield><subfield code="d">Whitten.</subfield></datafield><datafield ind1="0" ind2="4" tag="780"><subfield code="t">Eldora herald (Eldora, Iowa : 1910)</subfield><subfield code="w">(DLC)sn 85050978</subfield></datafield><datafield ind1="0" ind2="4" tag="780"><subfield code="t">Hardin County ledger</subfield><subfield code="w">(DLC)sn 85050979</subfield></datafield><datafield ind1="0" ind2="5" tag="780"><subfield code="t">Union star (Union, Iowa)</subfield><subfield code="w">(DLC)sn 84038489</subfield></datafield><datafield ind1="1" ind2=" " tag="787"><subfield code="t">Hardin County index</subfield><subfield code="w">(DLC)sn 86060108</subfield><subfield code="g">Jan. 18, 1933-</subfield></datafield><datafield ind1="1" ind2=" " tag="787"><subfield code="t">Union-Whitten star news</subfield></datafield></record>